@misc{hlava11,
  title   = {The Theory of Knowledge, given at the  in February of 2011},
  author  = {Marjorie M.K. Hlava}
  place   = {Data Harmony Users Group meeting},
  year    = 2011,
  month   = February}
@article{goldfarb96,
  title   = {The Roots of SGML -- A Personal Recollection},
  author  = {Charles F. Goldfarb},
  year    = 1996,
  url     = {http://www.sgmlsource.com/history/roots.htm},
  urldate = {2015-07-29}}
@article{goldfarb97,
  title   = {SGML: The Reason Why and the First Published Hint},
  author  = {Charles F. Goldfarb},
  year    = 1997,
  month   = July,
  journal = {Journal of the American Society for Information Science},
  volume  = {48},
  issue   = {7},
  url     = {http://www.sgmlsource.com/history/jasis.htm},
  urldate = {2015-07-29}}
@article{goldfarb81,
  title   = {Introduction to Generalized Markup},
  author  = {Charles F. Goldfarb},
  year    = 1981,
  url     = {http://www.sgmlsource.com/history/AnnexA.htm},
  urldate = {2015-07-29}}
